<?xml version="1.0" encoding="UTF-8"?><record xmlns="http://www.loc.gov/MARC21/slim" xmlns:cinclude="http://apache.org/cocoon/include/1.0" xmlns:zs="http://www.loc.gov/zing/srw/">
  <leader>01114cz  a2200205n  4500</leader>
  <controlfield tag="001">no 94003766 </controlfield>
  <controlfield tag="003">DLC</controlfield>
  <controlfield tag="005">19960323053107.6</controlfield>
  <controlfield tag="008">940203n| acannaab|          |a ana     c</controlfield>
  <datafield tag="010" ind1=" " ind2=" ">
    <subfield code="a">no 94003766 </subfield>
  </datafield>
  <datafield tag="035" ind1=" " ind2=" ">
    <subfield code="a">(OCoLC)oca03543013 </subfield>
  </datafield>
  <datafield tag="040" ind1=" " ind2=" ">
    <subfield code="a">DGPO</subfield>
    <subfield code="c">DGPO</subfield>
    <subfield code="d">DGPO</subfield>
  </datafield>
  <datafield tag="110" ind1="1" ind2="0">
    <subfield code="a">United States.</subfield>
    <subfield code="b">Office of the Chairman of the Joint Chiefs of Staff</subfield>
  </datafield>
  <datafield tag="410" ind1="1" ind2="0">
    <subfield code="a">United States.</subfield>
    <subfield code="b">Chairman of the Joint Chiefs of Staff, Office of the</subfield>
  </datafield>
  <datafield tag="410" ind1="1" ind2="0">
    <subfield code="a">United States.</subfield>
    <subfield code="b">Joint Chiefs of Staff.</subfield>
    <subfield code="b">Office of the Chairman of the Joint Chiefs of Staff</subfield>
  </datafield>
  <datafield tag="410" ind1="1" ind2="0">
    <subfield code="a">United States.</subfield>
    <subfield code="b">Joint Chiefs of Staff.</subfield>
    <subfield code="b">Chairman</subfield>
  </datafield>
  <datafield tag="410" ind1="2" ind2="0">
    <subfield code="a">CJCS</subfield>
  </datafield>
  <datafield tag="670" ind1=" " ind2=" ">
    <subfield code="a">Jaffe, L.S. The development of the base force, 1989-1992, 1993:</subfield>
    <subfield code="b">t.p. (Office of the Chairman of the Joint Chiefs of Staff)</subfield>
  </datafield>
  <datafield tag="670" ind1=" " ind2=" ">
    <subfield code="a">JOPES, joint operation planning and execution system, 1992- :</subfield>
    <subfield code="b">v. 2, t.p. (Chairman, Joint Chiefs of Staff, Washington, D.C.) letter of transmittal (letterhead: Office of the Chairman, the Joint Chiefs of Staff)</subfield>
  </datafield>
  <datafield tag="670" ind1=" " ind2=" ">
    <subfield code="a">CJCS guide to the Chairman's Readiness System, 1995:</subfield>
    <subfield code="b">t.p. (CJCS) p. 2 of cover (Chairman of the Joint Chiefs of Staff)</subfield>
  </datafield>
</record>